@article{WHCH20240724001,
  author  = {  Huang,M. and Ouyang,Y. and Bian,S. and Li,S. and  others},
  title   = {{Analysis and Reflections on the Development of Underwater Gravity-Aided Inertial Navigation Technology in the United States and Russia}},
  journal = {Geomatics and Information Science of Wuhan University},
  pages   = {1-19},
  issn    = {1671-8860},
  doi     = {10.13203/j.whugis20240228},
  year    = {2024}
}    

@article{moryl1997advanced,
  title   = {Advanced submarine navigation systems},
  author  = {Moryl, J},
  journal = {Oceanographic Literature Review},
  volume  = {5},
  number  = {44},
  pages   = {523},
  year    = {1997}
}

@article{wu2016gravity,
  title     = {{Gravity compensation using EGM2008 for high-precision long-term inertial navigation systems}},
  author    = {Wu, R. and Wu, Q. and Han, F. and Liu, T. and Hu, P. and Li, H.},
  journal   = {Sensors},
  volume    = {16},
  number    = {12},
  pages     = {2177},
  year      = {2016},
  publisher = {MDPI}
}

@article{schwarz1981gravity,
  title  = {Gravity induced position errors in airborne inertial navigation},
  author = {Schwarz, Klaus-Peter},
  year   = {1981}
}

@article{article,
  author  = {Qu,Y.},
  year    = {2021},
  month   = {01},
  pages   = {234-240},
  title   = {{Current Status and Development Trend of Gyroscopes in Inertial Navigation in China}},
  volume  = {09},
  journal = {Journal of Sensor Technology and Application},
  doi     = {10.12677/JSTA.2021.94028}
}

@article{somigliana1929teoria,
  title   = {Teoria generale del campo gravitazionale dell'ellissoide di rotazione},
  author  = {Somigliana, Carlo},
  journal = {Memorie della Societ{\`a} Astronomia Italiana, Vol. 4, p. 425},
  volume  = {4},
  pages   = {425},
  year    = {1929}
}

@article{jekeli1994airborne,
  title     = {Airborne vector gravimetry using precise, position-aided inertial measurement units},
  author    = {Jekeli, Christopher},
  journal   = {Bulletin g{\'e}od{\'e}sique},
  volume    = {69},
  pages     = {1--11},
  year      = {1994},
  publisher = {Springer}
}

@article{snelders1989christiaan,
  title     = {{Christiaan Huygens and Newton's theory of gravitation}},
  author    = {Snelders, Harry AM},
  journal   = {Notes and Records of the Royal Society of London},
  volume    = {43},
  number    = {2},
  pages     = {209--222},
  year      = {1989},
  publisher = {The Royal Society London}
}

@article{szabo2016history,
  title     = {The history of the 125 year old E{\"o}tv{\"o}s torsion balance},
  author    = {Szab{\'o}, Zolt{\'a}n},
  journal   = {Acta Geodaetica et Geophysica},
  volume    = {51},
  pages     = {273--293},
  year      = {2016},
  publisher = {Springer}
}

@book{veryaskin2021gravity,
  title     = {Gravity, magnetic and electromagnetic gradiometry: strategic technologies in the 21st century},
  author    = {Veryaskin, Alexey V},
  year      = {2021},
  publisher = {IOP Publishing}
}

@phdthesis{chendaiyong,
  title  = {{Research on Non-sensitive Degree of Freedom FeedbackControl for Superconducting Gravity Gradiometer}},
  author = {Chen,D.},
  school = {Huazhong University of Science and 'Technology},
  year   = {2022}
}

@inproceedings{schwarz1995some,
  title        = {Some unsolved problems in airborne gravimetry},
  author       = {Schwarz, KP and Wei, M},
  booktitle    = {Gravity and Geoid: Joint Symposium of the International Gravity Commission and the International Geoid Commission},
  pages        = {131--150},
  year         = {1995},
  organization = {Springer}
}

@article{hirt2013new,
  title     = {New ultrahigh-resolution picture of Earth's gravity field},
  author    = {Hirt, Christian and Claessens, Sten and Fecher, Thomas and Kuhn, Michael and Pail, Roland and Rexer, Moritz},
  journal   = {Geophysical research letters},
  volume    = {40},
  number    = {16},
  pages     = {4279--4283},
  year      = {2013},
  publisher = {Wiley Online Library}
}

@article{liang2020high,
  title     = {A high-resolution Earth’s gravity field model SGG-UGM-2 from GOCE, GRACE, satellite altimetry, and EGM2008},
  author    = {Liang, W. and Li, J. and Xu, X. and Zhang, S. and Zhao, Y.},
  journal   = {Engineering},
  volume    = {6},
  number    = {8},
  pages     = {860--878},
  year      = {2020},
  publisher = {Elsevier}
}

@article{kwon2001new,
  title     = {A new approach for airborne vector gravimetry using GPS/INS},
  author    = {Kwon, Jay Hyoun and Jekeli, Ch},
  journal   = {Journal of Geodesy},
  volume    = {74},
  number    = {10},
  pages     = {690--700},
  year      = {2001},
  publisher = {Springer}
}

@conference{ZGZC201808001017,
  author    = { Li,J. and  Cheng,Y. and  Wei,N. },
  title     = {{Research status of Marine gravimeter}},
  booktitle = {{The 9th plenary meeting of the Ship Mechanics Academic Committee of the Chinese Society of Naval Architecture and Engineering}},
  year      = {2018},
  pages     = {145-150},
  publisher = {{China Ship Scientific Research Center;State Key Laboratory of Deep-sea Manned Equipment;}}
}

@phdthesis{1021532813.nh,
  author = { Zhang, Z. },
  title  = {Theory Method and Appliaction of Underwater Mobile Gravity Measurement},
  school = {School of Geodesy and Geomatics, Wuhan University},
  year   = {2020}
}

@article{DHKZ2020Z1020,
  author  = { Wu, M. and  Cai,S. and Yu,R. and Cao,J. },
  title   = {{Ｒesearch Progress on Strapdown Gravimetry Technology}},
  journal = {Navigation and Control},
  volume  = {19},
  number  = {Z1},
  pages   = {161-169},
  year    = {2020},
  issn    = {1674-5558}
}

@techreport{NGS,
  institution = {National Geodetic Survey(NGS)},
  title       = {The Official NGS Geiod Page},
  year        = {2021, February}
}

@book{2005海洋重力场测定及其应用,
  title     = {海洋重力场测定及其应用},
  author    = {黄谟涛等编著},
  publisher = {北京：测绘出版社},
  year      = {2005}
}

@article{huang2017development,
  title   = {Development and Prospect of Air-sea Gravity Survey and Its Applications, Part Ⅱ: Sensor, Plan and Design of Survey},
  author  = {Liu, M. and Huang, M. and Ouyang, Y. and others},
  journal = {{Hydrographic Surveying and Charting}},
  volume  = {37},
  number  = {3},
  pages   = {1--11},
  year    = {2017}
}

@article{lacoste1967lacoste,
  title     = {LaCoste and Romberg stabilized platform shipboard gravity meter},
  author    = {Lacoste, Lucien and Clarkson, Neal and Hamilton, George},
  journal   = {Geophysics},
  volume    = {32},
  number    = {1},
  pages     = {99--109},
  year      = {1967},
  publisher = {Society of Exploration Geophysicists}
}


@article{Zongjie,
  title   = {{Nonlinear problem of CHZ gravimeter in dynamic gravity measurement}},
  author  = {Zong, J.},
  journal = {Acta Geodaetica et Cartographica Sinica},
  volume  = {16},
  number  = {1},
  pages   = {7--15},
  year    = {1987}
}

@article{Newlydeveloped,
  title   = {{Newly Developed CHZ Sea-Gravimeter}},
  author  = {Zhang, S. and Li, X. and Liang, C.},
  journal = {Acta Geodaetica et Cartographica Sinica},
  volume  = {16},
  number  = {1},
  pages   = {1--6},
  year    = {1987}
}


@article{Reviewon,
  title   = {{Review on the Development of Airborne/Marine Gravimetry Instruments}},
  author  = {Hu, P. and Zhao, M. and Huang, H. and others},
  journal = {Navigation Positioning and Timing},
  volume  = {4},
  number  = {4},
  pages   = {10--19},
  year    = {2017}
}

@article{wei1998flight,
  title     = {Flight test results from a strapdown airborne gravity system},
  author    = {Wei, M and Schwarz, KP},
  journal   = {Journal of Geodesy},
  volume    = {72},
  pages     = {323--332},
  year      = {1998},
  publisher = {Springer}
}

@book{becker2016advanced,
  title     = {Advanced calibration methods for strapdown airborne gravimetry},
  author    = {Becker, David},
  number    = {51},
  year      = {2016},
  publisher = {Technische Universit{\"a}t Darmstadt}
}

@article{johann2019direct,
  title   = {The direct method in strapdown airborne gravimetry--a review},
  author  = {Johann, Felix and Becker, David and Becker, Matthias and Forsberg, Ren{\'e} and Kadir, Majid},
  journal = {ZfV-Zeitschrift f{\"u}r Geod{\"a}sie, Geoinformation und Landmanagement},
  number  = {zfv 5/2019},
  year    = {2019}
}

@article{valliant2019lacoste,
  title     = {{The LaCoste \& Romberg air/sea gravity meter: an overview}},
  author    = {Valliant, Herbert D},
  journal   = {Handbook of geophysical exploration at sea},
  pages     = {141--177},
  year      = {2019},
  publisher = {CRC Press}
}

@misc{peshekhonovstate,
  title   = {{State-of-the-art strapdown airborne gravimeters: Analysis of the development, Gyroscopy and Navigation, vol. 13, no. 4}},
  author  = {Peshekhonov, VG and Stepanov, OA and Rozentsvein, VG and Krasnov, AA and Sokolov, AV},
  year    = {2022},
  journal = {Gyroscopy and Navigation},
  volume  = {13},
  number  = {4},
  page    = {189--209},
  issn    = {2075-1087}
}

@article{thompson1960aerial,
  title     = {Aerial gravity measurements},
  author    = {Thompson, Lloyd GD and LaCoste, Lucien JB},
  journal   = {Journal of Geophysical Research},
  volume    = {65},
  number    = {1},
  pages     = {305--322},
  year      = {1960},
  publisher = {Wiley Online Library}
}

@article{thompson1959aerial,
  title   = {Airborne gravity meter test},
  author  = {Thompson, Lloyd GD},
  journal = {Journal of Geophysical Research},
  volume  = {64},
  number  = {4},
  pages   = {488--488},
  year    = {1959}
}

@article{brozena1989interferometric,
  title     = {{Interferometric Global Positioning System: Three-dimensional positioning source for airborne gravimetry}},
  author    = {Brozena, JM and Mader, GL and Peters, MF},
  journal   = {Journal of Geophysical Research: Solid Earth},
  volume    = {94},
  number    = {B9},
  pages     = {12153--12162},
  year      = {1989},
  publisher = {Wiley Online Library}
}

@article{schwarz1989comparison,
  title   = {{A comparison of GPS kinematic models for the determination of position and velocity along a trajectory}},
  author  = {Schwarz, KP},
  journal = {Manuscripta geodaetica},
  volume  = {14},
  pages   = {345--353},
  year    = {1989}
}

@inproceedings{kleusberg1990airborne,
  title        = {Airborne gravimetry and the global positioning system},
  author       = {Kleusberg, Alfred and Peyton, Derrick and Wells, David},
  booktitle    = {IEEE Symposium on Position Location and Navigation. A Decade of Excellence in the Navigation Sciences},
  pages        = {273--278},
  year         = {1990},
  organization = {IEEE}
}

@book{bruton2000improving,
  title     = {{Improving the accuracy and resolution of SINS/DGPS airborne gravimetry}},
  author    = {Bruton, Alexander Mark},
  volume    = {20145},
  year      = {2000},
  publisher = {University of Calgary Calgary, Alberta}
}

@book{meyer2003angel,
  title     = {{ANGEL Airborne Navigation and Gravimetry Ensemble \& Laboratory: Introduction and first airborne tests}},
  author    = {Meyer, Uwe and Boedecker, Gerd and Pflug, Hartmut},
  year      = {2003},
  publisher = {Deutsches GeoForschungsZentrum GFZ}
}

@inproceedings{bastos2002gravity,
  title        = {{Gravity anomalies from airborne Measurements—Experiments using a low cost IMU device}},
  author       = {Bastos, L and Tom{\'e}, P and Cunha, T and Fernandes, MJ and Cunha, S},
  booktitle    = {Gravity, Geoid and Geodynamics 2000: GGG2000 IAG International Symposium Banff, Alberta, Canada July 31--August 4, 2000},
  pages        = {253--258},
  year         = {2002},
  organization = {Springer}
}

@article{boedecker2006sags4,
  title     = {{SAGS4—Strapdown airborne gravimetry system analysis}},
  author    = {Boedecker, Gerd and St{\"u}rze, Andrea},
  journal   = {Observation of the Earth System from SPACE},
  pages     = {463--478},
  year      = {2006},
  publisher = {Springer}
}

@inproceedings{berzhitskii2010airborne,
  title  = {{Airborne strapdown gravimeter GT-X}},
  author = {Berzhitskii, VN and Ermakov, MA and Ilyin, VN and Smoller, Yu L and Yurist, S Sh and Bolotin, Yu V and Golovan, AA and Parusnikov, NA and Gavrov, EV and Rekunov, DA and others},
  pages  = {20--23},
  year   = {2010}
}

@article{hoss20201,
  title   = {{1.3 Innovative Inertial Measurement Data Acquisition and Processing for Aircraft Surveying up to Airborne Gravimetry}},
  author  = {Hoss, M and Dreyer, A and von Hinueber, EL and Urli, R and Lapeyrade, F},
  journal = {Proceedings-ettc2020},
  pages   = {38--47},
  year    = {2020}
}

@techreport{yuan2020performance,
  title       = {Performance estimate of some prototypes of inertial platform and strapdown marine gravimeters},
  author      = {Yuan, Y. and Gao, J. and Wu, Z. and Shen, Z. and Wu, G.},
  year        = {2020},
  institution = {Springer}
}

@article{xiurui,
  title   = {{Technical Current Situation and New Application of Marine/aviation Gravimeter}},
  author  = {Xiu.,R. and Guo,G. and Xue,Z. and Li,D. and Li,H.},
  journal = {Navigation and Control},
  issue   = {1},
  pages   = {35-43},
  year    = {2019}
}

@article{jekeli1997gps,
  title     = {{GPS phase accelerations for moving-base vector gravimetry}},
  author    = {Jekeli, C and Garcia, R},
  journal   = {Journal of Geodesy},
  volume    = {71},
  pages     = {630--639},
  year      = {1997},
  publisher = {Springer}
}

@article{jordan1972self,
  title     = {Self-consistent statistical models for the gravity anomaly, vertical deflections, and undulation of the geoid},
  author    = {Jordan, Stanley K},
  journal   = {Journal of Geophysical Research},
  volume    = {77},
  number    = {20},
  pages     = {3660--3670},
  year      = {1972},
  publisher = {Wiley Online Library}
}

@article{schwarz1997introduction,
  title     = {An introduction to airborne gravimetry and its boundary value problems},
  author    = {Schwarz, K -P and Li, Zuofa},
  journal   = {Geodetic boundary value problems in view of the one centimeter geoid},
  pages     = {312--358},
  year      = {1997},
  publisher = {Springer}
}

@book{jekeli2023inertial,
  title     = {Inertial navigation systems with geodetic applications},
  author    = {Jekeli, Christopher},
  year      = {2023},
  publisher = {Walter de Gruyter GmbH \& Co KG}
}

@article{nassar2004modeling,
  title     = {{Modeling inertial sensor errors using autoregressive (AR) models}},
  author    = {Nassar, Sameh and SCHWARZ, KLAUS-PETER and EL-SHEIMY, NASER and Noureldin, Aboelmagd},
  journal   = {Navigation},
  volume    = {51},
  number    = {4},
  pages     = {259--268},
  year      = {2004},
  publisher = {Wiley Online Library}
}

@article{hao2024methods,
  title     = {{Methods for Gravity Anomaly and DOV Determination Based on MPGAC for Land Vehicles}},
  author    = {Hao, S. and Zhang, Z. and Zhou, Z. and Chang, Z. and Xu, Z. and Duan, H. and Li, Z.},
  journal   = {IEEE Transactions on Instrumentation and Measurement},
  year      = {2024},
  publisher = {IEEE}
}

@phdthesis { 1020386196.nh,
author = { Zhu,J. },
title = {Study on Gravity aided Technologies inShipborne Attitude Measurement with Ring Laser Gyro},
school = {National University of Defense Technology},
year = {2018}
}

@article{savage1978strapdown,
  title={Strapdown sensors},
  author={Savage, Paul G},
  journal={AGARD Lecture series},
  volume={95},
  year={1978}
}

@inproceedings{li1995chaotic,
  title={Chaotic Behaviour in Geodetic Sensors and Fractal Characteristics of Sensor Noise},
  author={Li, Z. and Schwarz, Klaus-Peter},
  booktitle={Geodetic Theory Today: Third Hotine-Marussi Symposium on Mathematical Geodesy L’Aquila, Italy, May 30--June 3, 1994},
  pages={246--258},
  year={1995},
  organization={Springer}
}

@article{zhang2023gravity,
  title={Gravity disturbance compensation for dual-axis rotary modulation inertial navigation system},
  author={Zhang, P. and Wu, L. and Bao, L. and Wang, B. and Liu, H. and Li, Q. and Wang, Y.},
  journal={Frontiers in Marine Science},
  volume={10},
  pages={1086225},
  year={2023},
  publisher={Frontiers Media SA}
}

@article{gao2021real,
  title={{A real-time gravity compensation method for INS based on BPNN}},
  author={Gao, D. and Hu, B. and Qin, F. and Chang, L. and Lyu, X.},
  journal={IEEE Sensors Journal},
  volume={21},
  number={12},
  pages={13584--13593},
  year={2021},
  publisher={IEEE}
}

@techreport{lerch1972gravitational,
  title={Gravitational field models for the Earth (GEM 1 and 2)},
  author={Lerch, FJ and Wagner, CA and Smith, DE and Andson, ML and Brownd, JE and Richardson, JA},
  year={1972}
}

@inproceedings{tapley1997teg,
  title={The TEG-3 geopotential model},
  author={Tapley, BD and Shum, CK and Ries, JC and Poole, SR and Abusali, PAM and Bettadpur, SV and Eanes, RJ and Kim, MC and Rim, HJ and Schutz, BE},
  booktitle={Gravity, Geoid and Marine Geodesy: International Symposium No. 117 Tokyo, Japan, September 30--October 5, 1996},
  pages={453--460},
  year={1997},
  organization={Springer}
}

@article{sandwell2013toward,
  title={Toward 1-mGal accuracy in global marine gravity from CryoSat-2, Envisat, and Jason-1},
  author={Sandwell, David and Garcia, Emmanuel and Soofi, Khalid and Wessel, Paul and Chandler, Michael and Smith, Walter HF},
  journal={The Leading Edge},
  volume={32},
  number={8},
  pages={892--899},
  year={2013},
  publisher={Society of Exploration Geophysicists}
}

@article{andersen2010dnsc08gra,
  title={The DNSC08GRA global marine gravity field from double retracked satellite altimetry},
  author={Andersen, Ole Baltazar and Knudsen, Per and Berry, Philippa AM},
  journal={Journal of Geodesy},
  volume={84},
  pages={191--199},
  year={2010},
  publisher={Springer}
}

@article{pavlis2012development,
  title={The development and evaluation of the Earth Gravitational Model 2008 (EGM2008)},
  author={Pavlis, Nikolaos K and Holmes, Simon A and Kenyon, Steve C and Factor, John K},
  journal={Journal of geophysical research: solid earth},
  volume={117},
  number={B4},
  year={2012},
  publisher={Wiley Online Library}
}

@article{flechtner2021satellite,
  title={Satellite gravimetry: a review of its realization},
  author={Flechtner, Frank and Reigber, Christoph and Rummel, Reiner and Balmino, Georges},
  journal={Surveys in Geophysics},
  volume={42},
  number={5},
  pages={1029--1074},
  year={2021},
  publisher={Springer}
}

@article{harlan1968eotvos,
  title={Eotvos corrections for airborne gravimetry},
  author={Harlan, Raymond B},
  journal={Journal of Geophysical Research},
  volume={73},
  number={14},
  pages={4675--4679},
  year={1968},
  publisher={Wiley Online Library}
}

@article{WANGJING2016,
title={Error indicator analysis for gravity disturbing vector's influence on inertial navigation system},
author={Wang,J. and Yang,G. and Li,X. and Zhou,X.},
journal={Journal of Chinese Inertial Technology},
issue={3},
pages={285-290},
year={2016},
}

@article{ZHOUXIAO2016,
title={Compensation on gravity disturbance for high-precision INS based on wavelet neural network},
author={Zhou,X. and Yang,G. and Cai,Q.},
journal={Journal of Chinese Inertial Technology},
issue={5},
pages={571-576},
year={2016},
}

@article{LIQIAN2022,
title={Gravity disturbance influence analysis and compensation on high-precision INS in polar region},
author={ Li,Q. and Wang,D. and Ji,Y. and others},
journal={Journal of Chinese Inertial Technology},
issue={4},
pages={429-436，444},
year={2022},
}

@phdthesis { LUOKAIXIN2023,
author = { Luo,K. },
title = {{Research on Key Technologies of Ocean Gravity-Aided Inertial Navigation}},
school = {{National University of Defense Technology}},
year = {2023}
}

@article{chang2018gravity,
  title={Gravity disturbance compensation for inertial navigation system},
  author={Chang, L. and Qin, F. and Wu, M.},
  journal={IEEE Transactions on Instrumentation and Measurement},
  volume={68},
  number={10},
  pages={3751--3765},
  year={2018},
  publisher={IEEE}
}

@inproceedings{TIE2017impact,
  title={The impact of initial alignment on compensation for deflection of vertical in inertial navigation},
  author={Tie, J. and Wu, M. and Cao, J. and Lian, J. and Cai, S.},
  booktitle={2017 IEEE International Conference on Cybernetics and Intelligent Systems (CIS) and IEEE Conference on Robotics, Automation and Mechatronics (RAM)},
  pages={381--386},
  year={2017},
  organization={IEEE}
}

@article{soler2014deflection,
  title={On deflection of the vertical components and their transformations},
  author={Soler, Tom{\'a}s and Han, Jen-Yu and Weston, Neil D},
  journal={Journal of surveying engineering},
  volume={140},
  number={2},
  pages={04014005},
  year={2014},
  publisher={American Society of Civil Engineers}
}

@article{yang2024autonomous,
  title={An autonomous and high-accuracy gravity disturbance compensation scheme for rotary inertial navigation system},
  author={Yang, J. and Wang, X. and Wang, B. and Hu, X.},
  journal={Measurement Science and Technology},
  volume={35},
  number={8},
  pages={086302},
  year={2024},
  publisher={IOP Publishing}
}

@article{zhu2019research,
  title={Research on gravity vertical deflection on attitude of position and orientation system and compensation method},
  author={Zhu, Z. and Zhao, B. and Guo, Y. and Zhou, X.},
  journal={Aerospace science and technology},
  volume={85},
  pages={495--504},
  year={2019},
  publisher={Elsevier}
}

@article{weng2020analysis,
  title={Analysis and on-line compensation of gravity disturbance in a high-precision inertial navigation system},
  author={Weng, J. and Liu, J. and Jiao, M. and Kou, K.},
  journal={GPS Solutions},
  volume={24},
  pages={1--8},
  year={2020},
  publisher={Springer}
}

@article{an2021method,
  title={A method of deflection of the vertical measurement based on attitude difference compensation},
  author={An, W. and Xu, J. and He, H. and Jiang, P.},
  journal={IEEE Sensors Journal},
  volume={21},
  number={12},
  pages={13125--13136},
  year={2021},
  publisher={IEEE}
}

@article{hao2022analysis,
  title={Analysis of DOV estimation in initial alignment based on Single-axis rotating SINS},
  author={Hao, S. and Zhang, Z. and Zhou, Z. and Chang, Z. and Xu, Z. and Li, X.},
  journal={Measurement},
  volume={204},
  pages={112047},
  year={2022},
  publisher={Elsevier}
}

@article{hao2022relative,
  title={Relative estimation method of DOV based on double-alignment of SINS},
  author={Hao, S. and Zhang, Z. and Zhou, Z. and Chang, Z. and Zhao, Z.},
  journal={IEEE Geoscience and Remote Sensing Letters},
  volume={19},
  pages={1--5},
  year={2022},
  publisher={IEEE}
}

@inproceedings{gelb1968geodetic,
  title={Geodetic and geophysical uncertainties-Fundamental limitations on terrestrial inertial navigation},
  author={Gelb, A},
  booktitle={Control and Flight Dynamics Conference},
  pages={847},
  year={1968}
}

@article{peshekhonov2020problem,
  title={Problem of the vertical deflection in high-precision inertial navigation},
  author={Peshekhonov, VG},
  journal={Gyroscopy and Navigation},
  volume={11},
  pages={255--262},
  year={2020},
  publisher={Springer}
}

@article{wang2016application,
  title={Application of the spherical harmonic gravity model in high precision inertial navigation systems},
  author={Wang, J. and Yang, G. and Li, X. and Zhou, X.},
  journal={Measurement Science and Technology},
  volume={27},
  number={9},
  pages={095103},
  year={2016},
  publisher={IOP Publishing}
}

@article{jiang2019measurement,
  title={Measurement analyses and evaluations of sea-level heights using the HY-2A satellite’s radar altimeter},
  author={Jiang, X. and Jia, Y. and Zhang, Y.},
  journal={Acta Oceanologica Sinica},
  volume={38},
  number={11},
  pages={134--139},
  year={2019},
  publisher={Springer}
}

@article{liu2020preliminary,
  title={Preliminary marine gravity field from HY-2A/GM altimeter data},
  author={Liu, Q. and Xu, K. and Jiang, M. and Wang, J.},
  journal={Acta Oceanologica Sinica},
  volume={39},
  pages={127--134},
  year={2020},
  publisher={Springer}
}

@article{wan2020vertical,
  title={Vertical deflections and gravity disturbances derived from HY-2A data},
  author={Wan, X. and Annan, Richard Fiifi and Jin, S. and Gong, X.},
  journal={Remote Sensing},
  volume={12},
  number={14},
  pages={2287},
  year={2020},
  publisher={MDPI}
}

\@article{zhang2020inversion,
  title={Inversion and validation of improved marine gravity field recovery in South China Sea by incorporating HY-2A altimeter waveform data},
  author={Zhang, S. and Andersen, Ole Baltazar and Kong, X. and Li, H.},
  journal={Remote Sensing},
  volume={12},
  number={5},
  pages={802},
  year={2020},
  publisher={MDPI}
}

@article{zhu2019hy,
  title={{How HY-2A/GM altimeter performs in marine gravity derivation: assessment in the South China Sea}},
  author={Zhu, C. and Guo, J. and Hwang, C. and Gao, J. and Yuan, J. and Liu, X.},
  journal={Geophysical Journal International},
  volume={219},
  number={2},
  pages={1056--1064},
  year={2019},
  publisher={Oxford University Press}
}

@article{ji2021deflections,
  title={On deflections of vertical determined from HY-2A/GM altimetry data in the Bay of Bengal},
  author={Ji, H. and Guo, J. and Zhu, C. and Yuan, J. and Liu, X. and Li, G.},
  journal={IEEE Journal of Selected Topics in Applied Earth Observations and Remote Sensing},
  volume={14},
  pages={12048--12060},
  year={2021},
  publisher={IEEE}
}

@article{guo2022accuracy,
  title={Accuracy comparison of marine gravity derived from HY-2A/GM and CryoSat-2 altimetry data: a case study in the Gulf of Mexico},
  author={Guo, J. and Luo, H. and Zhu, C. and Ji, Hui and Li, Guowei and Liu, Xin},
  journal={Geophysical Journal International},
  volume={230},
  number={2},
  pages={1267--1279},
  year={2022},
  publisher={Oxford University Press}
}

@article{hao2022calculation,
  title={Calculation method for deflection of the vertical based on path gravity anomaly compensation},
  author={Hao, S. and Zhang, Z. and Zhou, Z. and Xu, Z. and Liang, Z.},
  journal={Measurement Science and Technology},
  volume={34},
  number={3},
  pages={035001},
  year={2022},
  publisher={IOP Publishing}
}

@article{ning1994spherical,
  title={The spherical convolution form of Vening-Meinesz formula},
  author={Ning, JS and Chao, DB and Li, JC},
  journal={Acta Geodaetica et Cartographica Sinica},
  volume={23},
  number={3},
  pages={161--166},
  year={1994}
}

@article{chen1982methods,
  title={Methods for computing deflections of the vertical by modifying Vening-Meinesz'function},
  author={Chen, JY},
  journal={Bulletin g{\'e}od{\'e}sique},
  volume={56},
  pages={9--26},
  year={1982},
  publisher={Springer}
}

@article{ning2006refined,
  title={Refined determination of vertical deflection in China mainland area},
  author={Ning, J. and Guo, C. and Wang, Bin and WANG, Huimin},
  journal={Geomatics and Information Science of Wuhan University},
  volume={31},
  number={12},
  pages={1035--1038},
  year={2006}
}

@inproceedings{needham2017impact,
  title={Impact of gravity modeling error on integrated GNSS/INS coasting performance},
  author={Needham, Timothy G and Braasch, Michael S},
  booktitle={2017 IEEE/AIAA 36th Digital Avionics Systems Conference (DASC)},
  pages={1--10},
  year={2017},
  organization={IEEE}
}

@article{stepanov2020algorithms,
  title={Algorithms for integrated processing of marine gravimeter data and GNSS measurements},
  author={Stepanov, Oleg A and Koshaev, Dmitry A and Motorin, Andrei V and Krasnov, Anton A and Sokolov, Alexander V},
  journal={IFAC-PapersOnLine},
  volume={53},
  number={2},
  pages={500--505},
  year={2020},
  publisher={Elsevier}
}

@article{ince2019icgem,
  title={ICGEM--15 years of successful collection and distribution of global gravitational models, associated services, and future plans},
  author={Ince, E Sinem and Barthelmes, Franz and Rei{\ss}land, Sven and Elger, Kirsten and F{\"o}rste, Christoph and Flechtner, Frank and Schuh, Harald},
  journal={Earth system science data},
  volume={11},
  number={2},
  pages={647--674},
  year={2019},
  publisher={Copernicus Publications G{\"o}ttingen, Germany}
}

@article{reigber2002champ,
  title={CHAMP mission status},
  author={Reigber, Ch and L{\"u}hr, Hermann and Schwintzer, P},
  journal={Advances in space research},
  volume={30},
  number={2},
  pages={129--134},
  year={2002},
  publisher={Elsevier}
}

@article{tapley2004gravity,
  title={The gravity recovery and climate experiment: Mission overview and early results},
  author={Tapley, Byron D and Bettadpur, S and Watkins, Mo and Reigber, Ch},
  journal={Geophysical research letters},
  volume={31},
  number={9},
  year={2004},
  publisher={Wiley Online Library}
}

@article{drinkwater2003vii,
  title={VII: Closing session: GOCE: ESA's first earth explorer core mission},
  author={Drinkwater, MR and Floberghagen, Rune and Haagmans, R and Muzi, D and Popescu, A},
  journal={Space science reviews},
  volume={108},
  number={1},
  pages={419--432},
  year={2003},
  publisher={Springer}
}

@article{grejner1998gravity,
  title={Gravity Modeling for High-Accuracy GPS/INS Integration},
  author={GREJNER-BRZEZINSKA, DOROTA A and Wang, Jin},
  journal={Navigation},
  volume={45},
  number={3},
  pages={209--220},
  year={1998},
  publisher={Wiley Online Library}
}

@article{dai2015dynamic,
  title={Dynamic measurement of high-frequency deflections of the vertical based on the observation of INS/GNSS integration attitude error},
  author={Dai, D. and Wang, X. and Zhan, D. and Qin, S. and Huang, Z.},
  journal={Journal of Applied Geophysics},
  volume={119},
  pages={89--98},
  year={2015},
  publisher={Elsevier}
}

@article{xiong2018analysis,
  title={An analysis of the effect of gravity anomaly to height estimation in high-precision INS/GNSS integrated navigation systems},
  author={Xiong, H. and Zhao, Y. and Wang, X. and Dai, D. and Zheng, J. and Zhan, D.},
  journal={IEEE Sensors journal},
  volume={19},
  number={7},
  pages={2713--2721},
  year={2018},
  publisher={IEEE}
}

@article{zhu2018real,
  title={A real-time gravity compensation method for a high-precision airborne position and orientation system based on a gravity map},
  author={Zhu, Z. and Guo, Y. and Ye, W.},
  journal={The Journal of Navigation},
  volume={71},
  number={3},
  pages={711--728},
  year={2018},
  publisher={Cambridge University Press}
}

@article{ DKXB20050100F,
author = { Wang, H. and Wang,Y. and Lu,Y. and Zhan,J. },
title = {{Inversion of Marine Gravity anomalies by Combinating Multi-altimeter Data and Shipborne gravimetric Data}},
journal = {{Journal of Geodesy and Geodynamics}},
number = {01},
pages = {81-85},
year = {2005},
issn = {1003-4137},
}

@article{ ZGXJ201506005,
author = { Zhou,X. and  Yang,G. and  Wang,J. and others},
title = {Estimation and compensation for gravity disturbance  
based on Kalman filtering in inertial navigation},
journal = {Journal of Chinese Inertial Technology},
volume = {23},
number = {06},
pages = {721-726},
year = {2015},
issn = {1005-6734},
doi = {10.13695/j.cnki.12-1222/o3.2015.06.005}
}

@conference{ WXDH201505008015,
author = { Zhong,M. and  Zhan,D. and Xu,R. and Zhong,L. },
title = {{Research on The Effects of Gravity Disturbances onHigh-Precision RLG Attitude Measurement System}},
booktitle = {The 6th China Satellite Navigation Academic Conference},
year = {2015},
pages = {77-81},
publisher = {China Satellite Maritime Tracking and Controlling Department, Jiangyin 214431, China;College of Opto-electronics Science and Eigneering, National University of Defense Technology,Changsha 410073，China}
}

@article{huang2012sga,
  title={SGA-WZ: A new strapdown airborne gravimeter},
  author={Huang, Yangming and Olesen, Arne Vestergaard and Wu, Meiping and Zhang, Kaidong},
  journal={Sensors},
  volume={12},
  number={7},
  pages={9336--9348},
  year={2012},
  publisher={Molecular Diversity Preservation International (MDPI)}
}

@article{ayres2015comparison,
  title={A comparison between three IMUs for strapdown airborne gravimetry},
  author={Ayres-Sampaio, Diogo and Deurloo, Richard and Bos, Machiel and Magalh{\~a}es, Am{\'e}rico and Bastos, Lu{\'\i}sa},
  journal={Surveys in geophysics},
  volume={36},
  pages={571--586},
  year={2015},
  publisher={Springer}
}

@article{tie2018compensation,
  title={Compensation of horizontal gravity disturbances for high precision inertial navigation},
  author={Tie, Junbo and Cao, Juliang and Wu, Meiping and Lian, Junxiang and Cai, Shaokun and Wang, Lin},
  journal={Sensors},
  volume={18},
  number={3},
  pages={906},
  year={2018},
  publisher={MDPI}
}

@article{zhou2016improved,
  title={An improved gravity compensation method for high-precision free-INS based on MEC--BP--AdaBoost},
  author={Zhou, Xiao and Yang, Gongliu and Wang, Jing and Li, Jing},
  journal={Measurement Science and Technology},
  volume={27},
  number={12},
  pages={125007},
  year={2016},
  publisher={IOP Publishing}
}

@article{harriman1986gravity,
  title={Gravity-induced errors in airborne inertial navigation},
  author={Harriman, David W and Harrison, J Chris},
  journal={Journal of Guidance, Control, and Dynamics},
  volume={9},
  number={4},
  pages={419--426},
  year={1986}
}

@article{becker2015drift,
  title={Drift reduction in strapdown airborne gravimetry using a simple thermal correction},
  author={Becker, David and Nielsen, J Emil and Ayres-Sampaio, Diogo and Forsberg, Ren{\'e} and Becker, Matthias and Bastos, Lu{\'\i}sa},
  journal={Journal of geodesy},
  volume={89},
  pages={1133--1144},
  year={2015},
  publisher={Springer}
}

@article{fang2013accurate,
  title={An accurate gravity compensation method for high-precision airborne POS},
  author={Fang, Jiancheng and Chen, Linzhouting and Yao, Jifeng},
  journal={IEEE Transactions on Geoscience and Remote Sensing},
  volume={52},
  number={8},
  pages={4564--4573},
  year={2013},
  publisher={IEEE}
}

@phdthesis { 1022810006.nh,
author = { XIONG,Zhiming },
title = {{Research on Key Technologies forUnderwater Gravimetry Based On Multi-Sensor Fusion}},
school = {{National University of Defense Technology}},
year = {2021}
}

@phdthesis { 1020160654.nh,
author = { LI,Fangming },
title = {{Research on Underwater Gravity AidedPositioning and Gravity Map Navigability Analysis}},
school = {Harbin Engineering University},
year = {2020}
}

@article{ HYCH201303004,
author = { HUANG,Motao and  OUYANG,Yongzhong and  ZHAI,Guojun and others},
title = {Tikhonov Regularization Collocation for Multi-source Gravity Data Fusion Processing},
journal = {{Hydrographic Surveying and Charting}},
volume = {33},
number = {03},
pages = {6-12},
year = {2013},
issn = {1671-3044},
}

@book{kern2003analysis,
  title={An analysis of the combination and downward continuation of satellite, airborne and terrestrial gravity data},
  author={Kern, Michael},
  year={2003},
  publisher={Citeseer}
}

@phdthesis { 2009059209.nh,
author = { CHEN,Yi },
title = {{A Study on Heterogeneous Marine Gravity Data Combination Technology}},
school = {{Harbin Engineering University}},
year = {2008}
}

@article{ DKXB201606003,
author = { WU,Yihao and  LUO,Zhicai },
title = {{The Research on Linearization Errors in Regional Gravity Field Modeling Based on Heterogeneous Data Sets}},
journal = {{Journal of Geodesy and Geodynamics}},
volume = {36},
number = {06},
pages = {476-480},
year = {2016},
issn = {1671-5942},
doi = {10.14075/j.jgg.2016.06.002}
}

@article{wittwer2009regional,
  title={Regional gravity field modelling with radial basis functions},
  author={Wittwer, TB},
  year={2009}
}

@article{bentel2013different,
  title={Different radial basis functions and their applicability for regional gravity field representation on the sphere},
  author={Bentel, Katrin and Schmidt, Michael and Gerlach, Christian},
  journal={GEM-International Journal on Geomathematics},
  volume={4},
  pages={67--96},
  year={2013},
  publisher={Springer}
}

@inproceedings{bentel2016combining,
  title={Combining different types of gravity observations in regional gravity modeling in spherical radial basis functions},
  author={Bentel, Katrin and Schmidt, Michael},
  booktitle={VIII Hotine-Marussi Symposium on Mathematical Geodesy: Proceedings of the Symposium in Rome, 17-21 June, 2013},
  pages={115--120},
  year={2016},
  organization={Springer}
}

@article{pham2009solutions,
  title={Solutions to pseudodifferential equations using spherical radial basis functions},
  author={Pham, TD and Tran, T},
  journal={Bulletin of the Australian Mathematical Society},
  volume={79},
  number={3},
  pages={473--485},
  year={2009},
  publisher={Cambridge University Press}
}

@article{klees2008data,
  title={A data-driven approach to local gravity field modelling using spherical radial basis functions},
  author={Klees, R and Tenzer, Robert and Prutkin, I and Wittwer, T},
  journal={Journal of Geodesy},
  volume={82},
  pages={457--471},
  year={2008},
  publisher={Springer}
}

@article{ CHXB201609003,
author = { MA,Zhiwei and  LU,Yang and  TU,Yi and  others },
title = {Regional Gravity Field Modeling with Abel-Poisson Radial Basis Functions},
journal = {Acta Geodaetica et Cartographica Sinica },
volume = {45},
number = {09},
pages = {1019-1027},
year = {2016},
issn = {1001-1595},
}

@article{ DQWX201704009,
author = { YANG,Fan and  XU,Houze and  ZHONG,Min and others },
title = {GRACE global temporal gravity recovery through the radial basis function approach},
journal = {Chinese Journal of Geophysics},
volume = {60},
number = {04},
pages = {1332-1346},
year = {2017},
issn = {0001-5733},
}

@article{mahbuby2017local,
  title={Local gravity field modeling using spherical radial basis functions and a genetic algorithm},
  author={Mahbuby, Hany and Safari, Abdolreza and Foroughi, Ismael},
  journal={Comptes Rendus. G{\'e}oscience},
  volume={349},
  number={3},
  pages={106--113},
  year={2017}
}

@article{tenzer2008choice,
  title={The choice of the spherical radial basis functions in local gravity field modeling},
  author={Tenzer, Robert and Klees, R},
  journal={Studia Geophysica et Geodaetica},
  volume={52},
  pages={287--304},
  year={2008},
  publisher={Springer}
}

@article{ Wumingqiang2023,
author = { Wu,M. and  Liao,S. },
title = {{Analysis of the Influence of Horizontal Gravity Anomaly on the Positioning Accuracy of Inertial Positioning and Orientation}},
journal = {OPTICS and OPTOELECTRONIC TECHNOLOGY },
volume = {21},
number = {03},
pages = {74-78},
year = {2023},
issn = {1672-3392},
doi = {10.19519/j.cnki.1672-3392.2023.03.001}
}

@article{ Zhuhongbao2024,
author = { Zhu,H. and  Tian,Y. and  Yan,G. and others },
title = {Research on real-time gravity compensation system based on gravity model order adaptation},
journal = {Navigation Positioning and Timing },
volume = {11},
number = {04},
pages = {55-64},
year = {2024},
issn = {2095-8110},
doi = {10.19306/j.cnki.2095-8110.2024.04.006}
}

@article{Luxin2010,
author = { Lu,X. and  Lian,J. and  Wu,M. },
title = {{Research of Gravity Error Compensation in Marine Inertial Navigation System}},
journal = {Navigation and Control},
volume = {9},
number = {04},
pages = {15-21},
year = {2010},
issn = {1674-5558},
}

@article{ Lenyue2024,
author = { Len,Y. and  Zhong,S. },
title = {Compensation method for gravity disturbance in celestial/inertial integrated system},
journal = {System Engineering and Electronics},
volume = {46},
number = {04},
pages = {1357-1363},
year = {2024},
issn = {1001-506X},
}

@article{Zhangpanpan23,
  title={Research on gravity compensation of inertial navigation system based on multispectral gravity disturbance},
  author={Zhang,P. and Wu,L. and Bao,L. and others},
  journal={Acta Geodaetica et Cartographica Sinica},
  volume={52},
  number={8},
  pages={1255},
  year={2023}
}

@article{Liuyuxin2023,
  title={An Accurate Gravity Disturbance Compensation Method Based on Spherical Harmonic Model and Multi-Sensor Fusion},
  author={Liu,Y. and Wang,X. and Wang,X. and others},
  journal={Aero Weaponry},
  volume={30},
  number={1},
  year={2023}
}

@article{zhou2018,
  title={A combined gravity compensation method for INS using the simplified gravity model and gravity database},
  author={Zhou, Xiao and Yang, Gongliu and Wang, Jing and Wen, Zeyang},
  journal={Sensors},
  volume={18},
  number={5},
  pages={1552},
  year={2018},
  publisher={MDPI}
} 

@inproceedings{kwon2004gravity,
  title={Gravity compensation methods for precision INS},
  author={Kwon, Jay Hyoun},
  booktitle={Proceedings of the 60th Annual Meeting of The Institute of Navigation (2004)},
  pages={483--490},
  year={2004}
}

@article{arora2014fast,
  title={Fast efficient and adaptive interpolation of the geopotential},
  author={Arora, Nitin and Russell, Ryan P},
  journal={J. Guid. Control Dyn},
  volume={38},
  pages={1345--1355},
  year={2014},
  publisher={Citeseer}
}

@book{hofmann2006physical,
  title={Physical geodesy},
  author={Hofmann-Wellenhof, Bernhard and Moritz, Helmut},
  year={2006},
  publisher={Springer Science \& Business Media}
}

@article{bishop2002gravitational,
  title={Gravitational field maps and navigational errors [unmanned underwater vehicles]},
  author={Bishop, Garner C},
  journal={IEEE Journal of Oceanic Engineering},
  volume={27},
  number={3},
  pages={726--737},
  year={2002},
  publisher={IEEE}
}

@article{sarzeaud2009optimal,
  title={Optimal interpolation of gravity maps using a modified neural network},
  author={Sarzeaud, O and LeQuentrec-Lalancette, M-F and Rouxel, D},
  journal={Mathematical geosciences},
  volume={41},
  number={4},
  pages={379--395},
  year={2009},
  publisher={Springer}
}

@article{Wu2007,
title={Gravity map creating technology in gravity matching navigation},
author={Wu,T. and Huang,M. and Lu,X. and Jin,H.},
journal={Journal of Chinese Inertial Technology},
issue={4},
pages={438-441},
year={2007},
}

@article{zhou2016novel,
  title={A novel gravity compensation method for high precision free-INS based on “extreme learning machine”},
  author={Zhou, Xiao and Yang, Gongliu and Cai, Qingzhong and Wang, Jing},
  journal={Sensors},
  volume={16},
  number={12},
  pages={2019},
  year={2016},
  publisher={MDPI}
}

@inproceedings{dai2014improved,
  title={An improved method for gravity disturbances compensation in INS/GPS integrated navigation},
  author={Dai, Dongkai and Wang, Xingshu and Zhan, Dejun and Huang, Zongsheng and Xiong, Hao},
  booktitle={2014 12th International Conference on Signal Processing (ICSP)},
  pages={148--153},
  year={2014},
  organization={IEEE}
}

@inproceedings{tenzer2010effect,
  title={Effect of the Long-Wavelength Topographical Correction on the Low-Degree Earth’s Gravity Field},
  author={Tenzer, Robert and Nov{\'a}k, P},
  booktitle={Gravity, Geoid and Earth Observation: IAG Commission 2: Gravity Field, Chania, Crete, Greece, 23-27 June 2008},
  pages={355--360},
  year={2010},
  organization={Springer}
}

@article{Zhaokun2022,
  title={Long-endurance fiber optic gyroscope INS for ships and its development trends},
  author={Zhao, K. and Hu, X. and Liu, B.},
  journal={Fire Control and Command Control},
  volume={30},
  number={3},
  pages={281--287},
  year={2022}
}

@misc{NGS,
  author  = {National Geodetic Survey(NGS)},
  urldate = {February 21, 2021},
  year    = {2021},
  ural    = {https://wwwngsnoaagov/GEOID/},
  title   = {The Official NGS Geiod Page}
}                            